<?xml version="1.0"?>
<marc:collection xmlns:marc="http://www.loc.gov/MARC21/slim" xmlns:xsi="http://www.w3.org/2001/XMLSchema-instance" xsi:schemaLocation="http://www.loc.gov/MARC21/slim http://www.loc.gov/standards/marcxml/schema/MARC21slim.xsd">
   <marc:record type="Bibliographic">
      <marc:leader>01774cam a2200373 a 4500</marc:leader>
      <marc:controlfield tag="001">795752</marc:controlfield>
      <marc:controlfield tag="003">NjP</marc:controlfield>
      <marc:controlfield tag="005">20110503103843.0</marc:controlfield>
      <marc:controlfield tag="008">930319s1988    ir       b    001 0 ara d</marc:controlfield>
      <marc:datafield tag="024" ind1="7" ind2=" ">
         <marc:subfield code="a">princeton_aco000006</marc:subfield>
         <marc:subfield code="2">local</marc:subfield>
      </marc:datafield>
      <marc:datafield tag="035" ind1=" " ind2=" ">
         <marc:subfield code="a">(OCoLC)ocn176763199</marc:subfield>
      </marc:datafield>
      <marc:datafield tag="035" ind1=" " ind2=" ">
         <marc:subfield code="a">795752</marc:subfield>
      </marc:datafield>
      <marc:datafield tag="040" ind1=" " ind2=" ">
         <marc:subfield code="a">NjP</marc:subfield>
         <marc:subfield code="c">PUL</marc:subfield>
         <marc:subfield code="d">PUL</marc:subfield>
      </marc:datafield>
      <marc:datafield tag="035" ind1=" " ind2=" ">
         <marc:subfield code="a">(OCoLC)176763199</marc:subfield>
      </marc:datafield>
      <marc:datafield tag="035" ind1=" " ind2=" ">
         <marc:subfield code="a">(CStRLIN)NJPG93-B16114</marc:subfield>
      </marc:datafield>
      <marc:datafield tag="035" ind1=" " ind2=" ">
         <marc:subfield code="9">ADV9086TS</marc:subfield>
      </marc:datafield>
      <marc:datafield tag="035" ind1=" " ind2=" ">
         <marc:subfield code="z">795752</marc:subfield>
      </marc:datafield>
      <marc:datafield tag="035" ind1=" " ind2=" ">
         <marc:subfield code="a">(NjP)795752</marc:subfield>
      </marc:datafield>
      <marc:datafield tag="079" ind1=" " ind2=" ">
         <marc:subfield code="a">ocm22176492</marc:subfield>
      </marc:datafield>
      <marc:datafield tag="049" ind1=" " ind2=" ">
         <marc:subfield code="a">PULL</marc:subfield>
      </marc:datafield>
      <marc:datafield tag="100" ind1="1" ind2=" ">
         <marc:subfield code="6">880-01</marc:subfield>
         <marc:subfield code="a">Kantu&#x304;ri&#x304;, I&#x2BB;ja&#x304;z H&#x323;usayn al-Ni&#x304;sa&#x304;bu&#x304;ri&#x304;.</marc:subfield>
      </marc:datafield>
      <marc:datafield tag="245" ind1="1" ind2="0">
         <marc:subfield code="6">880-02</marc:subfield>
         <marc:subfield code="a">Kashf al-h&#x323;ujub wa-al-asta&#x304;r &#x2BB;an asma&#x304;&#x2BC; al-kutub wa-al-asfa&#x304;r /</marc:subfield>
         <marc:subfield code="c">lil-&#x2BB;alla&#x304;mah I&#x2BB;ja&#x304;z H&#x323;usayn al-Ni&#x304;sa&#x304;bu&#x304;ri&#x304; al-Kantu&#x304;ri&#x304; ; ma&#x2BB;a muqaddimah li-sama&#x304;h&#x323;at A&#x304;yat Alla&#x304;h al-&#x2BB;Uz&#x323;ma&#x301; al-Mar&#x2BB;ashi&#x304; al-Najafi&#x304;.</marc:subfield>
      </marc:datafield>
      <marc:datafield tag="250" ind1=" " ind2=" ">
         <marc:subfield code="6">880-03</marc:subfield>
         <marc:subfield code="a">al-T&#x323;ab&#x2BB;ah 2.</marc:subfield>
      </marc:datafield>
      <marc:datafield tag="260" ind1=" " ind2=" ">
         <marc:subfield code="6">880-04</marc:subfield>
         <marc:subfield code="a">Qum :</marc:subfield>
         <marc:subfield code="b">Maktabat A&#x304;yat Alla&#x304;h al-&#x2BB;Uz&#x323;ma&#x301; al-Mar&#x2BB;ashi&#x304; al-Najafi&#x304;,</marc:subfield>
         <marc:subfield code="c">1409 [1988 or 1989]</marc:subfield>
      </marc:datafield>
      <marc:datafield tag="300" ind1=" " ind2=" ">
         <marc:subfield code="a">1 v. (various pagings) ;</marc:subfield>
         <marc:subfield code="c">24 cm.</marc:subfield>
      </marc:datafield>
      <marc:datafield tag="504" ind1=" " ind2=" ">
         <marc:subfield code="a">Includes bibliographical references and indexes.</marc:subfield>
      </marc:datafield>
      <marc:datafield tag="650" ind1=" " ind2="0">
         <marc:subfield code="a">Arabic literature</marc:subfield>
         <marc:subfield code="x">Bibligraphy.</marc:subfield>
      </marc:datafield>
      <marc:datafield tag="880" ind1="1" ind2=" ">
         <marc:subfield code="6">100-01/r</marc:subfield>
         <marc:subfield code="a">&#x643;&#x646;&#x62A;&#x648;&#x631;&#x64A;&#x60C; &#x627;&#x639;&#x62C;&#x627;&#x632; &#x62D;&#x633;&#x64A;&#x646; &#x627;&#x644;&#x646;&#x64A;&#x633;&#x627;&#x628;&#x648;&#x631;&#x64A;.</marc:subfield>
      </marc:datafield>
      <marc:datafield tag="880" ind1="1" ind2="0">
         <marc:subfield code="6">245-02/r</marc:subfield>
         <marc:subfield code="a">&#x643;&#x634;&#x641; &#x627;&#x644;&#x62D;&#x62C;&#x628; &#x648;&#x627;&#x644;&#x627;&#x633;&#x62A;&#x627;&#x631; &#x639;&#x646; &#x627;&#x633;&#x645;&#x627;&#x621; &#x627;&#x644;&#x643;&#x62A;&#x628; &#x648;&#x627;&#x644;&#x627;&#x633;&#x641;&#x627;&#x631; /</marc:subfield>
         <marc:subfield code="c">&#x644;&#x644;&#x639;&#x644;&#x627;&#x645;&#x629; &#x627;&#x639;&#x62C;&#x627;&#x632; &#x62D;&#x633;&#x64A;&#x646; &#x627;&#x644;&#x646;&#x64A;&#x633;&#x627;&#x628;&#x648;&#x631;&#x64A; &#x627;&#x644;&#x643;&#x646;&#x62A;&#x648;&#x631;&#x64A; &#x61B; &#x645;&#x639; &#x645;&#x642;&#x62F;&#x645;&#x629; &#x644;&#x633;&#x645;&#x627;&#x62D;&#x629; &#x622;&#x64A;&#x629; &#x627;&#x644;&#x644;&#x647; &#x627;&#x644;&#x639;&#x638;&#x645;&#x649; &#x627;&#x644;&#x645;&#x631;&#x639;&#x634;&#x64A; &#x627;&#x644;&#x646;&#x62C;&#x641;&#x64A;.</marc:subfield>
      </marc:datafield>
      <marc:datafield tag="880" ind1=" " ind2=" ">
         <marc:subfield code="6">250-03/r</marc:subfield>
         <marc:subfield code="a">&#x627;&#x644;&#x637;&#x628;&#x639;&#x629; 2.</marc:subfield>
      </marc:datafield>
      <marc:datafield tag="880" ind1=" " ind2=" ">
         <marc:subfield code="6">260-04/r</marc:subfield>
         <marc:subfield code="a">&#x642;&#x645; :</marc:subfield>
         <marc:subfield code="b">&#x645;&#x643;&#x62A;&#x628;&#x629; &#x622;&#x64A;&#x629; &#x627;&#x644;&#x644;&#x647; &#x627;&#x644;&#x639;&#x638;&#x645;&#x649; &#x627;&#x644;&#x645;&#x631;&#x639;&#x634;&#x64A; &#x627;&#x644;&#x646;&#x62C;&#x641;&#x64A;&#x60C;</marc:subfield>
         <marc:subfield code="c">1409 [1988 or 1989]</marc:subfield>
      </marc:datafield>
      <marc:datafield tag="911" ind1=" " ind2=" ">
         <marc:subfield code="a">19940526</marc:subfield>
      </marc:datafield>
      <marc:datafield tag="912" ind1=" " ind2=" ">
         <marc:subfield code="a">19940519000000.0</marc:subfield>
      </marc:datafield>
      <marc:datafield tag="998" ind1=" " ind2=" ">
         <marc:subfield code="a">05/19/94</marc:subfield>
         <marc:subfield code="s">9114</marc:subfield>
         <marc:subfield code="n">NjP</marc:subfield>
         <marc:subfield code="w">NJPG93B16114</marc:subfield>
         <marc:subfield code="d">03/19/93</marc:subfield>
         <marc:subfield code="c">JEB</marc:subfield>
         <marc:subfield code="b">KC</marc:subfield>
         <marc:subfield code="i">940519</marc:subfield>
         <marc:subfield code="l">NJPG</marc:subfield>
      </marc:datafield>
      <marc:datafield tag="994" ind1=" " ind2=" ">
         <marc:subfield code="a">C0</marc:subfield>
         <marc:subfield code="b">PUL</marc:subfield>
      </marc:datafield>
      <marc:datafield tag="999" ind1=" " ind2=" ">
         <marc:subfield code="a">795752</marc:subfield>
      </marc:datafield>
   </marc:record>
</marc:collection>
